
@misc{Desmos:2023,
    title        = {Desmos website},
    author       = {{Desmos Studio PBC}},
    year         = 2023,
    note         = {https://desmos.com  [Accessed: 30/11/2023]}
}

@misc{Matlab:2023,
    title = {Matlab website},
    author = {{MathWorks \textregistered}},
    year = 2023,
    note = {https://uk.mathworks.com/products/matlab.html [Accessed: 30/11/2023] }
}

@book{Nystrom:2021,
 author = {Nystrom, Robert},
 title = {Crafting Interpreters},
 year = {2021},
 isbn = {978-0-9905289-3-9},
 publisher = {Genever Benning},
 address = {Great Brittain},
}

@manual{WPF:2023,
   title = {Windows Presentation Foundation documentation},
   author = {{Microsoft Learn, WPF}},
   organization = {Microsoft},
   address = {},
   year = {2023},
   url = {https://learn.microsoft.com/en-us/dotnet/desktop/wpf/?view=netdesktop-8.0},
 }

@book{sulzmann2000general,
    title={A general framework for Hindley/Milner type systems with constraints},
    author={Sulzmann, Martin Franz},
    year={2000},
    publisher={Yale University}
}

@article{miyazaki2019dynamic,
    title={Dynamic type inference for gradual Hindley--Milner typing},
    author={Miyazaki, Yusuke and Sekiyama, Taro and Igarashi, Atsushi},
    journal={Proceedings of the ACM on Programming Languages},
    volume={3},
    number={POPL},
    pages={1--29},
    year={2019},
    publisher={ACM New York, NY, USA}
}

@article{morris2019abstracting,
    title={Abstracting extensible data types: or, rows by any other name},
    author={Morris, J Garrett and McKinna, James},
    journal={Proceedings of the ACM on Programming Languages},
    volume={3},
    number={POPL},
    pages={1--28},
    year={2019},
    publisher={ACM New York, NY, USA}
}

@book{ball2018writing,
    title={Writing an Interpreter in Go},
    author={Ball, Thorsten},
    year={2018},
    publisher={Thorsten Ball}
}

@inproceedings{pratt1973top,
    title={Top down operator precedence},
    author={Pratt, Vaughan R},
    booktitle={Proceedings of the 1st annual ACM SIGACT-SIGPLAN symposium on Principles of programming languages},
    pages={41--51},
    year={1973}
}

@misc{scottPlot,
    title = {ScottPlot website},
    author = {{ScottPlot}},
    year = 2024,
    howpublished = {\url{https://scottplot.net/}},
}

@misc{avalonia,
    title = {Avalonia website},
    author = {{Avalonia}},
    year = 2024,
    howpublished = {\url{https://avaloniaui.net/}},
}

@article{akram2015newton,
    title={Newton raphson method},
    author={Akram, Saba and Ann, Quarrat Ul},
    journal={International Journal of Scientific \& Engineering Research},
    volume={6},
    number={7},
    pages={1748--1752},
    year={2015}
}

@misc{symbolicExprHask,
    title = {Symbolic Calculus in Haskell},
    author = {Abstract Nonsense},
    year = {2013},
    howpublished = {\url{http://5outh.blogspot.com/2013/05/symbolic-calculus-in-haskell.html}},
}